@inproceedings{bib:Hoppe2009,
	 author = {Hu, Liang and Sander, Pedro V. and Hoppe, Hugues},
	  title = {Parallel view-dependent refinement of progressive meshes},
  booktitle = {I3D '09: Proceedings of the 2009 symposium on Interactive 3D graphics and games},
	   year = {2009},
	   isbn = {978-1-60558-429-4},
	  pages = {169--176},
   location = {Boston, Massachusetts},
	    doi = {http://doi.acm.org/10.1145/1507149.1507177},
  publisher = {ACM},
	address = {New York, NY, USA},
 }
 
@techreport{bib:CUDADoc,
		 author = {NVIDIA},
		  title = {NVIDIA CUDA Compute Unified Device Architecture},
institution = {NVIDIA Corporation},
	  	 year = {2007},
	  	 type = {Programming Guide},
	   number = {Version 1.0},
		address = {Santa Clara, CA, USA},
 }
 
@techreport{bib:neuman,
		 author = {Michael Eckert},
		  title = {Von-Neuman Architektur},
institution = {TecChannel},
	  	 year = {1999},
	  	month =	{sep},
	  	 type = {Technical Report},
	     note = {\url{http://www.tecchannel.de/server/prozessoren/401364/so_funktioniert_ein_prozessor} (19.08.2009)},
 }
 
@inproceedings{bib:GraphicsHardware,
	title			=	{A Survey of General-Purpose Computation on Graphics Hardware},
	booktitle	=	{Eurographics 2005, State of the Art Reports},
	author		=	{John D. Owens AND David Luebke AND Naga Govindaraju AND Mark Harris AND Jens Krüger AND Aaron E. Lefohn AND Timothy J. Purcell },
	year			=	{2005},
	month			=	{Aug},
	pages			=	{21--51},
	location	=	{Dublin, Ireland},
	eventtime	=	{August 29--September 2, 2005},
}

@techreport{bib:Corei7,
		 author = {Volker Rißka},
		  title = {Test: Intel Core i7 920, 940 und 965 Extreme Edition},
institution = {Computerbase},
	  	 year = {1999},
	  	month =	{Sep},
	  	 type = {Technical Report},
	     note ={\url{http://www.computerbase.de/artikel/hardware/prozessoren/2008/test_intel_core_i7_920_940_965_extreme_edition/}  (20.08.2009)},
 }
 
@techreport{bib:GPUAufbau,
		 author = {Thomas Littschwager},
		  title = {Neue Grafik-Generation: Alle Details},
institution = {Chip},
	  	 year = {2008},
	  	month =	{Sep},
	  	 type = {Technical Report},
	     note ={\url{http://www.chip.de/artikel/Neue-Grafik-Generation-Alle-Details_32708718.html} (19.08.2009)},
 }
 
@techreport{bib:CPUvsGPU,
		 author = {Florian Charpentier},
		  title = {Nvidia Cuda: Das Ende der CPU?},
institution = {Tom's Hardware},
	  	 year = {2008},
	  	month =	{Jun},
	  	 type = {Technical Report},
	     note ={\url{http://www.tomshardware.com/de/CUDA-Nvidia-CPU-GPU,testberichte-240065.html} (20.08.2009)},
 }
  
@book{bib:Foster,
	 author = {Ian Foster},
	  title = {Designing and Building Parallel Programs},
publisher = {Addison Wesley Pub Co Inc},
	   year = {1995},
	   isbn = {0-201-57594-9},
	address = {Reading, MA, USA}
 }
  
@article{bib:LODHase,
    author 	= {David P. Luebke},
    title 	= {A Developer's Survey of Polygonal Simplification Algorithms},
    journal = {IEEE Computer Graphics and Applications},
    volume 	= {21},
    number 	= {3},
    month 	= {May\slash Jun},
    pages 	= {24--35},
    year 		= {2001},
    note 		= {\url{http://www.cs.virginia.edu/~luebke/publications/pdf/cg+a.2001.pdf} (11.09.2009)}
}

@article{bib:LOD1,
    author 	= {Christian Troger},
    title 	= {Levels of Detail},
    journal = {Institute of Computer Graphics and Algorithms Vienna University of Technology},
    year 		= {2001},
    note 		= {\url{http://www.cg.tuwien.ac.at/courses/Seminar/SS2001/lod/troger_paper.pdf} (09.09.2009)}
}

@article{bib:LOD2,
    author 	= {James H. Clark},
    title 	= {Hierarchical Geometric Models for Visible Surface Algorithms},
    journal = {Communications of the ACM},
    volume 	= {19},
    number 	= {10},
    month 	= {Oct},
    pages 	= {547--554},
    year 		= {1976},
    note 		= {\url{http://design.osu.edu/carlson/history/PDFs/clark-vis-surface.pdf} (09.09.2009)}
}

@article{bib:HLOD,
    author 	= {Michael Guthe, Pavel Borodin and Reinhard Klein},
    title 	= {Efficient view-dependent out-of-core visualization},
    journal = {University of Bonn, Institute of Computer Science II},
    year 		= {2003},
    note 		= {\url{http://www.uni-marburg.de/fb12/informatik/homepages/guthe/files/guthe-2003-efficient} (12.09.2009)}
}

@article{bib:HLOD2,
    author 	= {Carl Erikson, Dinesh Manocha and William V. Baxter III},
    title 	= {HLODs for Faster Display of Large Static and Dynamic Environments},
    journal = {University of North Carolina at Chapel Hill},
    year 		= {2001},
}

@manual{bib:octree,
    author 	= {WIKIPEDIA},
    title 	= {Octree},
    note 		= {\url{http://de.wikipedia.org/wiki/Octree} (29.07.2009)}
}

@article{bib:viewFrustum,
    author 	= {Jean-Daniel Nahmias},
    title 	= {Real-Time Massive Model Rendering},
    journal = {University College London},
    month 	= {Sep},
    year 		= {2002},
    note 		= {\url{http://www.cs.ucl.ac.uk/research/equator/papers/Documents2002/Jean-Daniel_Nahmias/Massive_Model_Rendering.htm} (29.07.09)}
}

@inproceedings{bib:hoppePM,
	 author 	= {Hoppe, Hugues},
	  title 	= {Progressive meshes},
  booktitle = {SIGGRAPH '96: Proceedings of the 23rd annual conference on Computer graphics and interactive techniques},
	   year 	= {1996},
	   isbn 	= {0-89791-746-4},
	  pages 	= {99--108},
		doi 		= {http://doi.acm.org/10.1145/237170.237216},
  publisher = {ACM},
	address 	= {New York, NY, USA},
 }
 
@article{bib:einfuhrungPM,
    author 	= {Mrohs Bernd, Christian Räck},
    title 	= {Progressive Meshes - Eine Einführung},
    month 	= {Jul},
    journal = {test},
    year 		= {2000},
    note 		= {\url{http://www.mrohs.com/publications/Bernd\%20Mrohs,\%20Christian\%20Raeck\%20-\%20Progressive\%20Meshes.pdf}(29.07.09)}

}

@article{bib:efPM,
	 author = {Hugues Hoppe},
	  title = {Efficient implementation of progressive meshes},
	journal = {Computers {\&} Graphics},
	 volume = {22},
	 number = {1},
	   year = {1998},
	  pages = {27-36},
		 ee 	= {http://dx.doi.org/10.1016/S0097-8493(97)00081-2},
bibsource = {DBLP, http://dblp.uni-trier.de}
}

@inproceedings{bib:hoppeVPM,
	 author 	= {Hoppe, Hugues},
	  title 	= {View-dependent refinement of progressive meshes},
  booktitle = {SIGGRAPH '97: Proceedings of the 24th annual conference on Computer graphics and interactive techniques},
	   year 	= {1997},
	   isbn 	= {0-89791-896-7},
	  pages 	= {189--198},
		doi 		= {http://doi.acm.org/10.1145/258734.258843},
  publisher = {ACM Press/Addison-Wesley Publishing Co.},
	address 	= {New York, NY, USA},
 }
 
 
@techreport{bib:OpenCLDoc,
		 author = {NVIDIA},
		  title = {OpenCL Programming Guide for the CUDA Architecture},
institution = {NVIDIA Corporation},
	  	 year = {2009},
	  	 type = {Programming Guide},
	   number = {Version 2.3},
		address = {Santa Clara, CA, USA},
 }
 
@article{bib:NormWinkel,
    author 	= {Mathias Eiserle},
    title 	= {Progressive Techniken in der Computergrafik},
    journal = {Universität Rostock},
    year 		= {2006},
    note 		= {\url{http://vcg.informatik.uni-rostock.de/assets/publications/theses_sem/SA_Eiserle2006.pdf} (15.09.2009)}
} 

@inproceedings{bib:DFMP98,
	 author = {De Floriani, Leila and Magillo, Paola and Puppo, Enrico},
	  title = {Efficient implementation of multi-triangulations},
  booktitle = {VIS '98: Proceedings of the conference on Visualization '98},
	   year = {1998},
	   isbn = {1-58113-106-2},
	  pages = {43--50},
   location = {Research Triangle Park, North Carolina, United States},
  publisher = {IEEE Computer Society Press},
	address = {Los Alamitos, CA, USA},
 }
 
@article{bib:PAJ01,
	 author = {Pajarola, Renato},
	  title = {FastMesh: Efficient View-Dependent Meshing},
	journal = {Computer Graphics and Applications, Pacific Conference on},
	 volume = {0},
	   year = {2001},
	   isbn = {0-7695-1227-5},
	  pages = {0022},
		doi = {http://doi.ieeecomputersociety.org/10.1109/PCCGA.2001.962854},
  publisher = {IEEE Computer Society},
	address = {Los Alamitos, CA, USA},
}

@article{bib:PD04,
	 author = {Pajarola, Renato and DeCoro, Christopher},
	  title = {Efficient Implementation of Real-Time View-Dependent Multiresolution Meshing},
 	journal = {IEEE Transactions on Visualization and Computer Graphics},
	 volume = {10},
	 number = {3},
	   year = {2004},
	   issn = {1077-2626},
	  pages = {353--368},
		doi = {http://dx.doi.org/10.1109/TVCG.2004.1272735},
  publisher = {IEEE Educational Activities Department},
	address = {Piscataway, NJ, USA},
 }

@article{bib:ESV99,
	 author = {El-Sana, Jihad and Varshney, Amitabh},
	  title = {Generalized View-Dependent Simplification},
	journal = {Computer Graphics Forum},
	 volume = {18},
	 number = {3},
	   year = {1999},
	  pages = {83--94},
  bibsource = {DBLP, http://dblp.uni-trier.de}
}

@techreport{bib:CUDA2,
		 author = {John Nickölls, Ian Buck, Michael Garland AND Kevin Skadron},
		  title = {Scalable Parallel Programming},
institution = {UNIVERSITY OF VIRGINIA},
	  	 year = {2008},
	  	 type = {Programming Guide},
 }
 
@techreport{bib:SCAN,
		 author = {Mark Harris},
		  title = {Parallel Prefix Sum (Scan) with CUDA},
institution = {NVIDIA},
	  	 year = {2008},
	  	 type = {Programming Guide},
 }

@manual{bib:GTX295,
    author 	= {NVIDIA},
    title 	= {NVIDIA GeForce GTX 295},
    year = {2008},
    type = {Technical Report},
    note 		= {\url{http://www.nvidia.de/object/product_geforce_gtx_295_de.html} (02.10.2009)}
}
